@article{overview:cox:dynamic,
    author = {Cox, Ingemar J. and Hingorani, Sunita L. and Rao, Satish B. and Maggs, Bruce M.},
    title = {A Maximum Likelihood Stereo Algorithm [Text]},
    year = {1996},
    volume = {63},
    number = {3},
    journal = {Comput. Vis. Image Underst.},
    pages = {542--567}
}

@article{overview:wang:dynamic,
    author = {Wang, Fuzhi and Song, Changlin and Du, Qiang},
    year = {2014},
    title = {Stereo Matching Using Iterative Dynamic Programming Based on Color Segmentation of Images [Text]},
    volume = {9},
    journal = {Journal of Computers}
}

@inproceedings{overview:geiger:nn,
    author = {Andreas Geiger and Philip Lenz and Raquel Urtasun},
    title = {Are we ready for Autonomous Driving? The KITTI Vision Benchmark Suite [Text]},
    booktitle = {Conference on Computer Vision and Pattern Recognition (CVPR)},
    year = {2012}
}

@article{overview:luo:nn,
  title={Efficient Deep Learning for Stereo Matching [Text]},
  author={Wenjie Luo and Alexander G. Schwing and Raquel Urtasun},
  journal={2016 IEEE Conference on Computer Vision and Pattern Recognition (CVPR)},
  year={2016},
  pages={5695-5703}
}

@inproceedings{overview:kolmogorov:graphcut,
  title={Graph Cut Algorithms for Binocular Stereo with Occlusions [Text]},
  author={Vladimir Kolmogorov and Ramin Zabih},
  booktitle={Handbook of Mathematical Models in Computer Vision},
  year={2005}
}

@article{overview:ferg:graphcut,
    author = {Feng, Liting and Qin, Kaihuai},
    year = {2017},
    title = {Superpixel-based graph cuts for accurate stereo matching [Text]},
    volume = {69},
    journal = {IOP Conference Series: Earth and Environmental Science}
}

@article{overview:savchynskyy:diffusion,
    year = {2019},
    volume = {11},
    journal = {Foundations and Trends® in Computer Graphics and Vision},
    title = {Discrete Graphical Models — An Optimization Perspective [Text]},
    issn = {1572-2740},
    number = {3-4},
    pages = {160-429},
    author = {Bogdan Savchynskyy}
}

@article{diffusion:shlezinger:supermodularity,
    language = {russian},
    title={Анализ алгоритмов диффузии для решения оптимизационных задач структурного распознавания [Текст]},
    author={Шлезингер, М. И. and Антонюк, К. В.},
    journal={Кибернетика и системный анализ},
    year={2011},
    publisher={Інститут кібернетики ім. В. М. Глушкова НАН України}
}

@INPROCEEDINGS{middlebury:ds:2001,
    author={D. {Scharstein} and R. {Szeliski} and R. {Zabih}},
    booktitle={Proceedings IEEE Workshop on Stereo and Multi-Baseline Vision (SMBV 2001) [Text]},
    title={A taxonomy and evaluation of dense two-frame stereo correspondence algorithms},
    year={2001},
    pages={131-140}
}

@INPROCEEDINGS{middlebury:ds:2003,
    author={D. {Scharstein} and R. {Szeliski}},
    booktitle={2003 IEEE Computer Society Conference on Computer Vision and Pattern Recognition, 2003. Proceedings. [Text]},
    title={High-accuracy stereo depth maps using structured light},
    year={2003},
    volume={1},
    pages={195-202}
}

@inproceedings{middlebury:ds:2006:1,
    author = {Scharstein, Daniel and Pal, Chris},
    year = {2007},
    title = {Learning Conditional Random Fields for Stereo [Text]},
    journal = {CVPR}
}

@inproceedings{middlebury:ds:2006:2,
    author = {Hirschmüller, Heiko and Scharstein, Daniel},
    year = {2007},
    title = {Evaluation of Cost Functions for Stereo Matching [Text]},
    journal = {IEEE Conference on Computer Vision and Pattern Recognition, CVPR'07}
}

@article{refinement,
    author = {Touzene, Nadia and Larabi, Slimane},
    year = {2011},
    pages = {22-34},
    title = {Accurate Real-Time Disparity Map Computation Based on Variable Support Window [Text]},
    volume = {2},
    journal = {International Journal of Artificial Intelligence \& Applications}
}
