@article{savchynskyy,
    url = {http://dx.doi.org/10.1561/0600000084},
    year = {2019},
    volume = {11},
    journal = {Foundations and Trends® in Computer Graphics and Vision},
    title = {Discrete Graphical Models — An Optimization Perspective},
    doi = {10.1561/0600000084},
    issn = {1572-2740},
    number = {3-4},
    pages = {160-429},
    author = {Bogdan Savchynskyy}
}

@article{crossing:out:shlezinger,
    language = {russian},
    title={Анализ алгоритмов диффузии для решения оптимизационных задач структурного распознавания},
    author={Шлезингер, М. И. and Антонюк, К. В.},
    journal={Кибернетика и системный анализ},
    year={2011},
    publisher={Інститут кібернетики ім. В. М. Глушкова НАН України}
}

@INPROCEEDINGS{middlebury:ds:2001,
    author={D. {Scharstein} and R. {Szeliski} and R. {Zabih}},
    booktitle={Proceedings IEEE Workshop on Stereo and Multi-Baseline Vision (SMBV 2001)},
    title={A taxonomy and evaluation of dense two-frame stereo correspondence algorithms},
    year={2001},
    pages={131-140}
}

@INPROCEEDINGS{middlebury:ds:2003,
    author={D. {Scharstein} and R. {Szeliski}},
    booktitle={2003 IEEE Computer Society Conference on Computer Vision and Pattern Recognition, 2003. Proceedings.},
    title={High-accuracy stereo depth maps using structured light},
    year={2003},
    volume={1},
    pages={195-202}
}

@inproceedings{middlebury:ds:2006:1,
    author = {Scharstein, Daniel and Pal, Chris},
    year = {2007},
    month = {06},
    title = {Learning Conditional Random Fields for Stereo},
    journal = {CVPR},
    doi = {10.1109/CVPR.2007.383191}
}

@inproceedings{middlebury:ds:2006:2,
    author = {Hirschmüller, Heiko and Scharstein, Daniel},
    year = {2007},
    month = {06},
    title = {Evaluation of Cost Functions for Stereo Matching},
    journal = {IEEE Conference on Computer Vision and Pattern Recognition, CVPR'07},
    doi = {10.1109/CVPR.2007.383248}
}
